%% Saved with string encoding Unicode (UTF-8) 
%% AA
%%RHIC White papers
@article{Adams:2005dq,
      author         = "Adams, John and others",
      title          = "{Experimental and theoretical challenges in the search
                        for the quark gluon plasma: The STAR Collaboration's
                        critical assessment of the evidence from RHIC collisions}",
      collaboration  = "STAR",
      journal        = "Nucl. Phys.",
      volume         = "A757",
      year           = "2005",
      pages          = "102-183",
      doi            = "10.1016/j.nuclphysa.2005.03.085",
      eprint         = "nucl-ex/0501009",
      archivePrefix  = "arXiv",
      primaryClass   = "nucl-ex",
      SLACcitation   = "%%CITATION = NUCL-EX/0501009;%%"
}
@article{Adcox:2004mh,
      author         = "Adcox, K. and others",
      title          = "{Formation of dense partonic matter in relativistic
                        nucleus-nucleus collisions at RHIC: Experimental
                        evaluation by the PHENIX collaboration}",
      collaboration  = "PHENIX",
      journal        = "Nucl. Phys.",
      volume         = "A757",
      year           = "2005",
      pages          = "184-283",
      doi            = "10.1016/j.nuclphysa.2005.03.086",
      eprint         = "nucl-ex/0410003",
      archivePrefix  = "arXiv",
      primaryClass   = "nucl-ex",
      SLACcitation   = "%%CITATION = NUCL-EX/0410003;%%"
}
@article{Arsene:2004fa,
      author         = "Arsene, I. and others",
      title          = "{Quark gluon plasma and color glass condensate at RHIC?
                        The Perspective from the BRAHMS experiment}",
      collaboration  = "BRAHMS",
      journal        = "Nucl. Phys.",
      volume         = "A757",
      year           = "2005",
      pages          = "1-27",
      doi            = "10.1016/j.nuclphysa.2005.02.130",
      eprint         = "nucl-ex/0410020",
      archivePrefix  = "arXiv",
      primaryClass   = "nucl-ex",
      SLACcitation   = "%%CITATION = NUCL-EX/0410020;%%"
}
@article{Back:2004je,
      author         = "Back, B. B. and others",
      title          = "{The PHOBOS perspective on discoveries at RHIC}",
      collaboration  = "PHOBOS",
      journal        = "Nucl. Phys.",
      volume         = "A757",
      year           = "2005",
      pages          = "28-101",
      doi            = "10.1016/j.nuclphysa.2005.03.084",
      eprint         = "nucl-ex/0410022",
      archivePrefix  = "arXiv",
      primaryClass   = "nucl-ex",
      SLACcitation   = "%%CITATION = NUCL-EX/0410022;%%"
}
%LHC
%%ALICE
@article{ALICE:2021nir,
    author = "Acharya, Shreyasi and others",
    collaboration = "ALICE",
    title = "{Long- and short-range correlations and their event-scale dependence in high-multiplicity pp collisions at $\boldsymbol{\sqrt{{\textit s}}}=13$ TeV}",
    eprint = "2101.03110",
    archivePrefix = "arXiv",
    primaryClass = "nucl-ex",
    reportNumber = "CERN-EP-2021-006",
    doi = "10.1007/JHEP05(2021)290",
    journal = "JHEP",
    volume = "05",
    pages = "290",
    year = "2021"
}

@article{Abelev:2014pua,
      author         = "Abelev, Betty and others",
      title          = "{Elliptic flow of identified hadrons in Pb-Pb collisions
                        at $ \sqrt{s_{\mathrm{NN}}}=2.76 $ TeV}",
      collaboration  = "ALICE",
      journal        = "JHEP",
      volume         = "06",
      year           = "2015",
      pages          = "190",
      doi            = "10.1007/JHEP06(2015)190",
      eprint         = "1405.4632",
      archivePrefix  = "arXiv",
      primaryClass   = "nucl-ex",
      reportNumber   = "CERN-PH-EP-2014-104",
      SLACcitation   = "%%CITATION = ARXIV:1405.4632;%%"
}
@article{Abelev:2012di,
      author         = "Abelev, Betty and others",
      title          = "{Anisotropic flow of charged hadrons, pions and
                        (anti-)protons measured at high transverse momentum in
                        Pb-Pb collisions at $\sqrt{s_{NN}}$=2.76 TeV}",
      collaboration  = "ALICE",
      journal        = "Phys. Lett.",
      volume         = "B719",
      year           = "2013",
      pages          = "18-28",
      doi            = "10.1016/j.physletb.2012.12.066",
      eprint         = "1205.5761",
      archivePrefix  = "arXiv",
      primaryClass   = "nucl-ex",
      reportNumber   = "CERN-PH-EP-2012-142, ALICE-PUBLIC-2015-003",
      SLACcitation   = "%%CITATION = ARXIV:1205.5761;%%"
}
@article{ATLAS:2011ah,
    author = "Aad, Georges and others",
    archivePrefix = "arXiv",
    collaboration = "ATLAS",
    doi = "10.1016/j.physletb.2011.12.056",
    eprint = "1108.6018",
    journal = "Phys. Lett. B",
    pages = "330--348",
    primaryClass = "hep-ex",
    reportNumber = "CERN-PH-EP-2011-124",
    title = "{Measurement of the pseudorapidity and transverse momentum dependence of the elliptic flow of charged particles in lead-lead collisions at $\sqrt{s_{NN}}=2.76$ TeV with the ATLAS detector}",
    volume = "707",
    year = "2012"
}
%% Hydro
@article{Jeon:2015dfa,
    author = "Jeon, Sangyong and Heinz, Ulrich",
    archivePrefix = "arXiv",
    doi = "10.1142/S0218301315300106",
    eprint = "1503.03931",
    journal = "Int. J. Mod. Phys. E",
    number = "10",
    pages = "1530010",
    primaryClass = "hep-ph",
    title = "{Introduction to Hydrodynamics}",
    volume = "24",
    year = "2015"
}

@book{Romatschke:2017ejr,
    author = "Romatschke, Paul and Romatschke, Ulrike",
    archivePrefix = "arXiv",
    doi = "10.1017/9781108651998",
    eprint = "1712.05815",
    isbn = "978-1-108-48368-1, 978-1-108-75002-8",
    month = "5",
    primaryClass = "nucl-th",
    publisher = "Cambridge University Press",
    series = "Cambridge Monographs on Mathematical Physics",
    title = "{Relativistic Fluid Dynamics In and Out of Equilibrium}",
    year = "2019"
}

%% medium properties or hydro
@article{Shen:2014vra,
    author = "Shen, Chun and Qiu, Zhi and Song, Huichao and Bernhard, Jonah and Bass, Steffen and Heinz, Ulrich",
    archivePrefix = "arXiv",
    doi = "10.1016/j.cpc.2015.08.039",
    eprint = "1409.8164",
    journal = "Comput. Phys. Commun.",
    pages = "61--85",
    primaryClass = "nucl-th",
    title = "{The iEBE-VISHNU code package for relativistic heavy-ion collisions}",
    volume = "199",
    year = "2016"
}

@article{Niemi:2015qia,
    author = "Niemi, H. and Eskola, K.J. and Paatelainen, R.",
    archivePrefix = "arXiv",
    doi = "10.1103/PhysRevC.93.024907",
    eprint = "1505.02677",
    journal = "Phys. Rev. C",
    number = "2",
    pages = "024907",
    primaryClass = "hep-ph",
    title = "{Event-by-event fluctuations in a perturbative QCD + saturation + hydrodynamics model: Determining QCD matter shear viscosity in ultrarelativistic heavy-ion collisions}",
    volume = "93",
    year = "2016"
}
@article{Bernhard:2016tnd,
      author         = "Bernhard, Jonah E. and Moreland, J. Scott and Bass,
                        Steffen A. and Liu, Jia and Heinz, Ulrich",
      title          = "{Applying Bayesian parameter estimation to relativistic
                        heavy-ion collisions: simultaneous characterization of the
                        initial state and quark-gluon plasma medium}",
      journal        = "Phys. Rev.",
      volume         = "C94",
      year           = "2016",
      number         = "2",
      pages          = "024907",
      doi            = "10.1103/PhysRevC.94.024907",
      eprint         = "1605.03954",
      archivePrefix  = "arXiv",
      primaryClass   = "nucl-th",
      SLACcitation   = "%%CITATION = ARXIV:1605.03954;%%"
}
@article{JETSCAPE:2020mzn,
    author = "Everett, D. and others",
    collaboration = "JETSCAPE",
    title = "{Multisystem Bayesian constraints on the transport coefficients of QCD matter}",
    eprint = "2011.01430",
    archivePrefix = "arXiv",
    primaryClass = "hep-ph",
    doi = "10.1103/PhysRevC.103.054904",
    journal = "Phys. Rev. C",
    volume = "103",
    number = "5",
    pages = "054904",
    year = "2021"
}

@article{Nijs:2020roc,
    author = {Nijs, Govert and van der Schee, Wilke and G\"ursoy, Umut and Snellings, Raimond},
    title = "{Bayesian analysis of heavy ion collisions with the heavy ion computational framework Trajectum}",
    eprint = "2010.15134",
    archivePrefix = "arXiv",
    primaryClass = "nucl-th",
    reportNumber = "CERN-TH-2020-175, MIT-CTP/5251",
    doi = "10.1103/PhysRevC.103.054909",
    journal = "Phys. Rev. C",
    volume = "103",
    number = "5",
    pages = "054909",
    year = "2021"
}
@article{Parkkila:2021tqq,
    author = "Parkkila, J. E. and Onnerstad, A. and Kim, D. J.",
    title = "{Bayesian estimation of the specific shear and bulk viscosity of the quark-gluon plasma with additional flow harmonic observables}",
    eprint = "2106.05019",
    archivePrefix = "arXiv",
    primaryClass = "hep-ph",
    doi = "10.1103/PhysRevC.104.054904",
    journal = "Phys. Rev. C",
    volume = "104",
    number = "5",
    pages = "054904",
    year = "2021"
}
@article{Parkkila:2021yha,
    author = "Parkkila, J. E. and Onnerstad, A. and Taghavi, S. F. and Mordasini, C. and Bilandzic, A. and Kim, D. J.",
    title = "{New constraints for QCD matter from improved Bayesian parameter estimation in heavy-ion collisions at LHC}",
    eprint = "2111.08145",
    archivePrefix = "arXiv",
    primaryClass = "hep-ph",
    month = "11",
    year = "2021"
}
%SC 1
@article{ALICE:2016kpq,
      author         = "Adam, Jaroslav and others",
      title          = "{Correlated event-by-event fluctuations of flow harmonics
                        in Pb-Pb collisions at $\sqrt{s_{_{\rm NN}}}=2.76$ TeV}",
      collaboration  = "ALICE",
      journal        = "Phys. Rev. Lett.",
      volume         = "117",
      year           = "2016",
      pages          = "182301",
      doi            = "10.1103/PhysRevLett.117.182301",
      eprint         = "1604.07663",
      archivePrefix  = "arXiv",
      primaryClass   = "nucl-ex",
      reportNumber   = "CERN-EP-2016-102",
      SLACcitation   = "%%CITATION = ARXIV:1604.07663;%%"
}
%SC 2
@article{Acharya:2017gsw,
      author         = "Acharya, Shreyasi and others",
      title          = "{Systematic studies of correlations between different
                        order flow harmonics in Pb-Pb collisions at $\sqrt{s_{\rm
                        NN}}$ = 2.76 TeV}",
      collaboration  = "ALICE",
      journal        = "Phys. Rev.",
      volume         = "C97",
      year           = "2018",
      number         = "2",
      pages          = "024906",
      doi            = "10.1103/PhysRevC.97.024906",
      eprint         = "1709.01127",
      archivePrefix  = "arXiv",
      primaryClass   = "nucl-ex",
      reportNumber   = "CERN-EP-2017-215",
      SLACcitation   = "%%CITATION = ARXIV:1709.01127;%%"
}

@article{Acharya:2017zfg,
    author = "Acharya, Shreyasi and others",
    archivePrefix = "arXiv",
    collaboration = "ALICE",
    doi = "10.1016/j.physletb.2017.07.060",
    eprint = "1705.04377",
    journal = "Phys. Lett. B",
    pages = "68--80",
    primaryClass = "nucl-ex",
    reportNumber = "CERN-EP-2017-103",
    title = "{Linear and non-linear flow modes in Pb-Pb collisions at $\sqrt{s_{\rm NN}} =$ 2.76 TeV}",
    volume = "773",
    year = "2017"
}
@article{Acharya:2020taj,
    author = "Acharya, Shreyasi and others",
    collaboration = "ALICE",
    title = "{Higher harmonic non-linear flow modes of charged hadrons in Pb-Pb collisions at $\sqrt{s_{\rm{NN}}}$ = 5.02 TeV}",
    eprint = "2002.00633",
    archivePrefix = "arXiv",
    primaryClass = "nucl-ex",
    reportNumber = "CERN-EP-2019-287",
    doi = "10.1007/JHEP05(2020)085",
    journal = "JHEP",
    volume = "05",
    pages = "085",
    year = "2020"
}
@article{ALICE:2021klf,
    author = "Acharya, Shreyasi and others",
    collaboration = "ALICE",
    title = "{Multiharmonic Correlations of Different Flow Amplitudes in Pb-Pb Collisions at $\sqrt{s_{_{NN}}}=2.76$\,\,TeV}",
    eprint = "2101.02579",
    archivePrefix = "arXiv",
    primaryClass = "nucl-ex",
    reportNumber = "CERN-EP-2021-005",
    doi = "10.1103/PhysRevLett.127.092302",
    journal = "Phys. Rev. Lett.",
    volume = "127",
    number = "9",
    pages = "092302",
    year = "2021"
}
@article{ALICE:2021adw,
    author = "Acharya, Shreyasi and others",
    collaboration = "ALICE",
    title = "{Measurements of mixed harmonic cumulants in Pb\textendash{}Pb collisions at $\sqrt {s_{NN}}$ = 5.02 TeV}",
    eprint = "2102.12180",
    archivePrefix = "arXiv",
    primaryClass = "nucl-ex",
    reportNumber = "CERN-EP-2021-031",
    doi = "10.1016/j.physletb.2021.136354",
    journal = "Phys. Lett. B",
    volume = "818",
    pages = "136354",
    year = "2021"
}

@article{Bernhard:2019bmu,
    author = "Bernhard, Jonah E. and Moreland, J. Scott and Bass, Steffen A.",
    title = "{Bayesian estimation of the specific shear and bulk viscosity of quark\textendash{}gluon plasma}",
    doi = "10.1038/s41567-019-0611-8",
    journal = "Nature Phys.",
    volume = "15",
    number = "11",
    pages = "1113--1117",
    year = "2019"
}

%% Ridge in pp
%ATLAS
@article{Aad:2015gqa,
    author = "Aad, Georges and others",
    archivePrefix = "arXiv",
    collaboration = "ATLAS",
    doi = "10.1103/PhysRevLett.116.172301",
    eprint = "1509.04776",
    journal = "Phys. Rev. Lett.",
    number = "17",
    pages = "172301",
    primaryClass = "hep-ex",
    reportNumber = "CERN-PH-EP-2015-251",
    title = "{Observation of Long-Range Elliptic Azimuthal Anisotropies in $\sqrt{s}=$13 and 2.76 TeV $pp$ Collisions with the ATLAS Detector}",
    volume = "116",
    year = "2016"
}
@article{Khachatryan:2015lva,
    author = "Khachatryan, Vardan and others",
    archivePrefix = "arXiv",
    collaboration = "CMS",
    doi = "10.1103/PhysRevLett.116.172302",
    eprint = "1510.03068",
    journal = "Phys. Rev. Lett.",
    number = "17",
    pages = "172302",
    primaryClass = "nucl-ex",
    reportNumber = "CMS-FSQ-15-002, CERN-PH-EP-2015-271",
    title = "{Measurement of long-range near-side two-particle angular correlations in pp collisions at $\sqrt s =$13 TeV}",
    volume = "116",
    year = "2016"
}
@article{Khachatryan:2016txc,
    author = "Khachatryan, Vardan and others",
    archivePrefix = "arXiv",
    collaboration = "CMS",
    doi = "10.1016/j.physletb.2016.12.009",
    eprint = "1606.06198",
    journal = "Phys. Lett. B",
    pages = "193--220",
    primaryClass = "nucl-ex",
    reportNumber = "CMS-HIN-16-010, CERN-EP-2016-147",
    title = "{Evidence for collectivity in pp collisions at the LHC}",
    volume = "765",
    year = "2017"
}
@article{Acharya:2019vdf,
    author = "Acharya, Shreyasi and others",
    archivePrefix = "arXiv",
    collaboration = "ALICE",
    doi = "10.1103/PhysRevLett.123.142301",
    eprint = "1903.01790",
    journal = "Phys. Rev. Lett.",
    number = "14",
    pages = "142301",
    primaryClass = "nucl-ex",
    reportNumber = "CERN-EP-2019-033",
    title = "{Investigations of Anisotropic Flow Using Multiparticle Azimuthal Correlations in pp, p-Pb, Xe-Xe, and Pb-Pb Collisions at the LHC}",
    volume = "123",
    year = "2019"
}

@article{Aad:2014lta,
    author = "Aad, Georges and others",
    archivePrefix = "arXiv",
    collaboration = "ATLAS",
    doi = "10.1103/PhysRevC.90.044906",
    eprint = "1409.1792",
    journal = "Phys. Rev. C",
    number = "4",
    pages = "044906",
    primaryClass = "hep-ex",
    reportNumber = "CERN-PH-EP-2014-201",
    title = "{Measurement of long-range pseudorapidity correlations and azimuthal harmonics in $\sqrt{s_{NN}}=5.02$ TeV proton-lead collisions with the ATLAS detector}",
    volume = "90",
    year = "2014"
}
@article{Khachatryan:2016ibd,
    author = "Khachatryan, Vardan and others",
    archivePrefix = "arXiv",
    collaboration = "CMS",
    doi = "10.1103/PhysRevC.96.014915",
    eprint = "1604.05347",
    journal = "Phys. Rev. C",
    number = "1",
    pages = "014915",
    primaryClass = "nucl-ex",
    reportNumber = "CMS-HIN-14-008, CERN-EP-2016-042",
    title = "{Pseudorapidity dependence of long-range two-particle correlations in $p$Pb collisions at $\sqrt {s_{NN}}=$ 5.02 TeV}",
    volume = "96",
    year = "2017"
}
@article{Aaboud:2016yar,
    author = "Aaboud, Morad and others",
    archivePrefix = "arXiv",
    collaboration = "ATLAS",
    doi = "10.1103/PhysRevC.96.024908",
    eprint = "1609.06213",
    journal = "Phys. Rev. C",
    number = "2",
    pages = "024908",
    primaryClass = "nucl-ex",
    reportNumber = "CERN-EP-2016-200",
    title = "{Measurements of long-range azimuthal anisotropies and associated Fourier coefficients for $pp$ collisions at $\sqrt{s}=5.02$ and $13$ TeV and $p$+Pb collisions at $\sqrt{s_{\mathrm{NN}}}=5.02$ TeV with the ATLAS detector}",
    volume = "96",
    year = "2017"
}
@article{Aidala:2017ajz,
    author = "Aidala, C. and others",
    archivePrefix = "arXiv",
    collaboration = "PHENIX",
    doi = "10.1103/PhysRevLett.120.062302",
    eprint = "1707.06108",
    journal = "Phys. Rev. Lett.",
    number = "6",
    pages = "062302",
    primaryClass = "nucl-ex",
    title = "{Measurements of Multiparticle Correlations in $d+\mathrm{Au}$ Collisions at 200, 62.4, 39, and 19.6 GeV and $p+\mathrm{Au}$ Collisions at 200 GeV and Implications for Collective Behavior}",
    volume = "120",
    year = "2018"
}

@article{PHENIX:2018lia,
    author = "Aidala, C. and others",
    archivePrefix = "arXiv",
    collaboration = "PHENIX",
    doi = "10.1038/s41567-018-0360-0",
    eprint = "1805.02973",
    journal = "Nature Phys.",
    number = "3",
    pages = "214--220",
    primaryClass = "nucl-ex",
    title = "{Creation of quark--gluon plasma droplets with three distinct geometries}",
    volume = "15",
    year = "2019"
}

%% theory
@article{Dusling:2012cg,
    author = "Dusling, Kevin and Venugopalan, Raju",
    archivePrefix = "arXiv",
    doi = "10.1103/PhysRevD.87.051502",
    eprint = "1210.3890",
    journal = "Phys. Rev. D",
    number = "5",
    pages = "051502",
    primaryClass = "hep-ph",
    title = "{Evidence for BFKL and saturation dynamics from dihadron spectra at the LHC}",
    volume = "87",
    year = "2013"
}

@article{Mantysaari:2017cni,
    author = "Mantysaari, Heikki and Schenke, Bjorn and Shen, Chun and Tribedy, Prithwish",
    archivePrefix = "arXiv",
    doi = "10.1016/j.physletb.2017.07.038",
    eprint = "1705.03177",
    journal = "Phys. Lett. B",
    pages = "681--686",
    primaryClass = "nucl-th",
    title = "{Imprints of fluctuating proton shapes on flow in proton-lead collisions at the LHC}",
    volume = "772",
    year = "2017"
}
@article{Zhao:2017rgg,
    author = "Zhao, Wenbin and Zhou, You and Xu, Haojie and Deng, Weitian and Song, Huichao",
    archivePrefix = "arXiv",
    doi = "10.1016/j.physletb.2018.03.022",
    eprint = "1801.00271",
    journal = "Phys. Lett. B",
    pages = "495--500",
    primaryClass = "nucl-th",
    title = "{Hydrodynamic collectivity in proton--proton collisions at 13 TeV}",
    volume = "780",
    year = "2018"
}

@article{Greif:2017bnr,
    author = {Greif, Moritz and Greiner, Carsten and Schenke, Bj\"orn and Schlichting, S\"oren and Xu, Zhe},
    title = "{Importance of initial and final state effects for azimuthal correlations in p+Pb collisions}",
    eprint = "1708.02076",
    archivePrefix = "arXiv",
    primaryClass = "hep-ph",
    doi = "10.1103/PhysRevD.96.091504",
    journal = "Phys. Rev. D",
    volume = "96",
    number = "9",
    pages = "091504",
    year = "2017"
}
@article{Schenke:2019pmk,
    author = "Schenke, Bjoern and Shen, Chun and Tribedy, Prithwish",
    archivePrefix = "arXiv",
    doi = "10.1016/j.physletb.2020.135322",
    eprint = "1908.06212",
    journal = "Phys. Lett. B",
    pages = "135322",
    primaryClass = "nucl-th",
    title = "{Hybrid Color Glass Condensate and hydrodynamic description of the Relativistic Heavy Ion Collider small system scan}",
    volume = "803",
    year = "2020"
}
@article{Strickland:2018exs,
    author = "Strickland, Michael",
    editor = "Antinori, Federico and Dainese, Andrea and Giubellino, Paolo and Greco, Vincenzo and Lombardo, Maria Paola and Scomparin, Enrico",
    archivePrefix = "arXiv",
    doi = "10.1016/j.nuclphysa.2018.09.071",
    eprint = "1807.07191",
    journal = "Nucl. Phys. A",
    pages = "92--98",
    primaryClass = "nucl-th",
    title = "{Small system studies: A theory overview}",
    volume = "982",
    year = "2019"
}
@article{Loizides:2016tew,
    author = "Loizides, Constantin",
    editor = "Akiba, Y. and Esumi, S. and Fukushima, K. and Hamagaki, H. and Hatsuda, T. and Hirano, T. and Shigaki, K.",
    archivePrefix = "arXiv",
    doi = "10.1016/j.nuclphysa.2016.04.022",
    eprint = "1602.09138",
    journal = "Nucl. Phys. A",
    pages = "200--207",
    primaryClass = "nucl-ex",
    title = "{Experimental overview on small collision systems at the LHC}",
    volume = "956",
    year = "2016"
}
@article{Nagle:2018nvi,
    author = "Nagle, James L. and Zajc, William A.",
    archivePrefix = "arXiv",
    doi = "10.1146/annurev-nucl-101916-123209",
    eprint = "1801.03477",
    journal = "Ann. Rev. Nucl. Part. Sci.",
    pages = "211--235",
    primaryClass = "nucl-ex",
    title = "{Small System Collectivity in Relativistic Hadronic and Nuclear Collisions}",
    volume = "68",
    year = "2018"
}

@article{Bzdak:2013zma,
    author = "Bzdak, Adam and Schenke, Bjoern and Tribedy, Prithwish and Venugopalan, Raju",
    archivePrefix = "arXiv",
    doi = "10.1103/PhysRevC.87.064906",
    eprint = "1304.3403",
    journal = "Phys. Rev. C",
    number = "6",
    pages = "064906",
    primaryClass = "nucl-th",
    title = "{Initial state geometry and the role of hydrodynamics in proton-proton, proton-nucleus and deuteron-nucleus collisions}",
    volume = "87",
    year = "2013"
}

@article{Greif:2017bnr,
    author = "Greif, Moritz and Greiner, Carsten and Schenke, Bj{\"o}rn and Schlichting, S{\"o}ren and Xu, Zhe",
    archivePrefix = "arXiv",
    doi = "10.1103/PhysRevD.96.091504",
    eprint = "1708.02076",
    journal = "Phys. Rev. D",
    number = "9",
    pages = "091504",
    primaryClass = "hep-ph",
    title = "{Importance of initial and final state effects for azimuthal correlations in p+Pb collisions}",
    volume = "96",
    year = "2017"
}

@article{Weller:2017tsr,
    author = "Weller, Ryan D. and Romatschke, Paul",
    archivePrefix = "arXiv",
    doi = "10.1016/j.physletb.2017.09.077",
    eprint = "1701.07145",
    journal = "Phys. Lett. B",
    pages = "351--356",
    primaryClass = "nucl-th",
    title = "{One fluid to rule them all: viscous hydrodynamic description of event-by-event central p+p, p+Pb and Pb+Pb collisions at $\sqrt{s}=5.02$ TeV}",
    volume = "774",
    year = "2017"
}

@article{Arbuzov:2011yr,
    author = "Arbuzov, B.A. and Boos, E.E. and Savrin, V.I.",
    archivePrefix = "arXiv",
    doi = "10.1140/epjc/s10052-011-1730-2",
    eprint = "1104.1283",
    journal = "Eur. Phys. J. C",
    pages = "1730",
    primaryClass = "hep-ph",
    title = "{CMS ridge effect at LHC as a manifestation of bremsstrahlung of gluons due to the quark-anti-quark string formation}",
    volume = "71",
    year = "2011"
}

%% absence of jet quenching
@article{Adam:2014qja,
    author = "Adam, Jaroslav and others",
    archivePrefix = "arXiv",
    collaboration = "ALICE",
    doi = "10.1103/PhysRevC.91.064905",
    eprint = "1412.6828",
    journal = "Phys. Rev. C",
    number = "6",
    pages = "064905",
    primaryClass = "nucl-ex",
    reportNumber = "CERN-PH-EP-2014-281",
    title = "{Centrality dependence of particle production in p-Pb collisions at $\sqrt{s_{\rm NN} }$= 5.02 TeV}",
    volume = "91",
    year = "2015"
}

@article{Adam:2016jfp,
    author = "Adam, Jaroslav and others",
    archivePrefix = "arXiv",
    collaboration = "ALICE",
    doi = "10.1140/epjc/s10052-016-4107-8",
    eprint = "1603.03402",
    journal = "Eur. Phys. J. C",
    number = "5",
    pages = "271",
    primaryClass = "nucl-ex",
    reportNumber = "CERN-EP-2016-052, ALICE-PUBLIC-2016-001",
    title = "{Centrality dependence of charged jet production in p--Pb collisions at $\sqrt{s_\mathrm{NN}}$ = 5.02 TeV}",
    volume = "76",
    year = "2016"
}
@article{Acharya:2017okq,
    author = "Acharya, Shreyasi and others",
    archivePrefix = "arXiv",
    collaboration = "ALICE",
    doi = "10.1016/j.physletb.2018.05.059",
    eprint = "1712.05603",
    journal = "Phys. Lett. B",
    pages = "95--113",
    primaryClass = "nucl-ex",
    reportNumber = "CERN-EP-2017-324",
    title = "{Constraints on jet quenching in p-Pb collisions at $\mathbf{\sqrt{s_{NN}}}$ = 5.02 TeV measured by the event-activity dependence of semi-inclusive hadron-jet distributions}",
    volume = "783",
    year = "2018"
}
@article{Adam:2016dau,
    author = "Adam, Jaroslav and others",
    archivePrefix = "arXiv",
    collaboration = "ALICE",
    doi = "10.1016/j.physletb.2016.07.050",
    eprint = "1601.03658",
    journal = "Phys. Lett. B",
    pages = "720--735",
    primaryClass = "nucl-ex",
    reportNumber = "CERN-EP-2016-003",
    title = "{Multiplicity dependence of charged pion, kaon, and (anti)proton production at large transverse momentum in p-Pb collisions at $\mathbf{\sqrt{{\textit s}_{\rm NN}}}$ = 5.02 TeV}",
    volume = "760",
    year = "2016"
}

@article{Khachatryan:2016odn,
    author = "Khachatryan, Vardan and others",
    archivePrefix = "arXiv",
    collaboration = "CMS",
    doi = "10.1007/JHEP04(2017)039",
    eprint = "1611.01664",
    journal = "JHEP",
    pages = "039",
    primaryClass = "nucl-ex",
    reportNumber = "CMS-HIN-15-015, CERN-EP-2016-242",
    title = "{Charged-particle nuclear modification factors in PbPb and pPb collisions at $ \sqrt{s_{\mathrm{N}\;\mathrm{N}}}=5.02 $ TeV}",
    volume = "04",
    year = "2017"
}


%% dijet vs b
@article{Frankfurt:2003td,
    author = "Frankfurt, L. and Strikman, M. and Weiss, C.",
    archivePrefix = "arXiv",
    doi = "10.1103/PhysRevD.69.114010",
    eprint = "hep-ph/0311231",
    journal = "Phys. Rev. D",
    pages = "114010",
    title = "{Dijet production as a centrality trigger for $p p$ collisions at CERN LHC}",
    volume = "69",
    year = "2004"
}
@article{Sjostrand:1986ep,
    author = "Sjostrand, Torbjorn and van Zijl, Maria",
    title = "{Multiple Parton-parton Interactions in an Impact Parameter Picture}",
    reportNumber = "LU-TP-86-25",
    doi = "10.1016/0370-2693(87)90722-2",
    journal = "Phys. Lett. B",
    volume = "188",
    pages = "149--154",
    year = "1987"
}
@article{Frankfurt:2010ea,
    author = "Frankfurt, L. and Strikman, M. and Weiss, C.",
    title = "{Transverse nucleon structure and diagnostics of hard parton-parton processes at LHC}",
    eprint = "1009.2559",
    archivePrefix = "arXiv",
    primaryClass = "hep-ph",
    reportNumber = "JLAB-THY-10-1228",
    doi = "10.1103/PhysRevD.83.054012",
    journal = "Phys. Rev. D",
    volume = "83",
    pages = "054012",
    year = "2011"
}
@article{Aaboud:2019mcw,
    author = "Aaboud, Morad and others",
    archivePrefix = "arXiv",
    collaboration = "ATLAS",
    doi = "10.1140/epjc/s10052-020-7606-6",
    eprint = "1906.08290",
    journal = "Eur. Phys. J. C",
    number = "1",
    pages = "64",
    primaryClass = "nucl-ex",
    reportNumber = "CERN-EP-2019-103",
    title = "{Measurement of long-range two-particle azimuthal correlations in $Z$-boson tagged $pp$ collisions at $\sqrt{s}{=}8$ and 13 TeV}",
    volume = "80",
    year = "2020"
}

@article{Bierlich:2017vhg,
    author = "Bierlich, Christian and Gustafson, G{\"o}sta and L{\"o}nnblad, Leif",
    archivePrefix = "arXiv",
    doi = "10.1016/j.physletb.2018.01.069",
    eprint = "1710.09725",
    journal = "Phys. Lett. B",
    pages = "58--63",
    primaryClass = "hep-ph",
    reportNumber = "LU-TP-17-33, MCNET-17-16",
    title = "{Collectivity without plasma in hadronic collisions}",
    volume = "779",
    year = "2018"
}

@article{Bierlich:2019ixq,
    author = "Bierlich, Christian",
    archivePrefix = "arXiv",
    doi = "10.1016/j.physletb.2019.06.018",
    eprint = "1901.07447",
    journal = "Phys. Lett. B",
    pages = "194--199",
    primaryClass = "hep-ph",
    reportNumber = "LU-TP 19-05, MCnet-19-01",
    title = "{Soft modifications to jet fragmentation in high energy proton--proton collisions}",
    volume = "795",
    year = "2019"
}



@article{Abbas:2013taa,
	Archiveprefix = {arXiv},
	Author = {Abbas, E. and others},
	Collaboration = {ALICE},
	Date-Added = {2016-10-25 07:23:56 +0000},
	Date-Modified = {2016-10-25 07:23:56 +0000},
	Doi = {10.1088/1748-0221/8/10/P10016},
	Eprint = {1306.3130},
	Journal = {JINST},
	Pages = {P10016},
	Primaryclass = {nucl-ex},
	Reportnumber = {CERN-PH-EP-2013-082},
	Slaccitation = {%%CITATION = ARXIV:1306.3130;%%},
	Title = {{Performance of the ALICE VZERO system}},
	Volume = {8},
	Year = {2013},
	%Bdsk-Url-1 = {http://dx.doi.org/10.1088/1748-0221/8/10/P10016}
	}



@article{Romatschke:2007mq,
    author = "Romatschke, Paul and Romatschke, Ulrike",
    title = "{Viscosity Information from Relativistic Nuclear Collisions: How Perfect is the Fluid Observed at RHIC?}",
    eprint = "0706.1522",
    archivePrefix = "arXiv",
    primaryClass = "nucl-th",
    reportNumber = "INT-PUB-07-14",
    doi = "10.1103/PhysRevLett.99.172301",
    journal = "Phys. Rev. Lett.",
    volume = "99",
    pages = "172301",
    year = "2007"
}



@article{Aamodt:2008zz,
	Author = {Aamodt, K. and others},
	Collaboration = {ALICE},
	Doi = {10.1088/1748-0221/3/08/S08002},
	Journal = {JINST},
	Pages = {S08002},
	Title = {{The ALICE experiment at the CERN LHC}},
	Volume = {3},
	Year = {2008},
	%Bdsk-Url-1 = {http://dx.doi.org/10.1088/1748-0221/3/08/S08002}
	}


@article{Brun:1994aa,
      author         = "Brun, René and Bruyant, F. and Carminati, Federico and
                        Giani, Simone and Maire, M. and McPherson, A. and Patrick,
                        G. and Urban, L.",
      title          = "{GEANT Detector Description and Simulation Tool}",
      year           = "1994",
      reportNumber   = "CERN-W5013, CERN-W-5013, W5013, W-5013",
      SLACcitation   = "%%CITATION = CERN-W5013;%%"
}

	

@article{Abelev:2014ffa,
      author         = "Abelev, Betty Bezverkhny and others",
      title          = "{Performance of the ALICE Experiment at the CERN LHC}",
      collaboration  = "ALICE",
      journal        = "Int. J. Mod. Phys.",
      volume         = "A29",
      year           = "2014",
      pages          = "1430044",
      doi            = "10.1142/S0217751X14300440",
      eprint         = "1402.4476",
      archivePrefix  = "arXiv",
      primaryClass   = "nucl-ex",
      reportNumber   = "CERN-PH-EP-2014-031",
      SLACcitation   = "%%CITATION = ARXIV:1402.4476;%%"
}

@article{aliceITS,
  author         = "Aamodt, K and others",
  title          = "{Alignment of the ALICE Inner Tracking System with
    cosmic-ray tracks}",
collaboration  = "ALICE",
journal        = "JINST",
volume         = "5",
year           = "2010",
pages          = "P03003",
doi            = "10.1088/1748-0221/5/03/P03003",
eprint         = "1001.0502",
archivePrefix  = "arXiv",
primaryClass   = "physics.ins-det",
SLACcitation   = "%%CITATION = ARXIV:1001.0502;%%"
}
@article{aliceTPC,
  author         = "Alme, J. and others",
  title          = "{The ALICE TPC, a large 3-dimensional tracking device
    with fast readout for ultra-high multiplicity events}",
journal        = "Nucl. Instrum. Meth.",
volume         = "A622",
year           = "2010",
pages          = "316-367",
doi            = "10.1016/j.nima.2010.04.042",
eprint         = "1001.1950",
archivePrefix  = "arXiv",
primaryClass   = "physics.ins-det",
SLACcitation   = "%%CITATION = ARXIV:1001.1950;%%"
}
@article{Ajitanand:2005jj,
      author         = "Ajitanand, N. N. and Alexander, J. M. and Chung, P. and
                        Holzmann, W. G. and Issah, M. and Lacey, Roy A. and
                        Shevel, A. and Taranenko, A. and Danielewicz, P.",
      title          = "{Decomposition of harmonic and jet contributions to
                        particle-pair correlations at ultra-relativistic
                        energies}",
      journal        = "Phys. Rev.",
      volume         = "C72",
      year           = "2005",
      pages          = "011902",
      doi            = "10.1103/PhysRevC.72.011902",
      eprint         = "nucl-ex/0501025",
      archivePrefix  = "arXiv",
      primaryClass   = "nucl-ex",
      SLACcitation   = "%%CITATION = NUCL-EX/0501025;%%"
}

@article{Busza:2018rrf,
    author = "Busza, Wit and Rajagopal, Krishna and van der Schee, Wilke",
    title = "{Heavy Ion Collisions: The Big Picture, and the Big Questions}",
    eprint = "1802.04801",
    archivePrefix = "arXiv",
    primaryClass = "hep-ph",
    reportNumber = "MIT-CTP-4892, MIT-CTP/4892",
    doi = "10.1146/annurev-nucl-101917-020852",
    journal = "Ann. Rev. Nucl. Part. Sci.",
    volume = "68",
    pages = "339--376",
    year = "2018"
}

@article{ALICE-PUBLIC-2016-002,
      title         = "{ALICE luminosity determination for pp collisions at $\sqrt{s_{\rm NN}} = 13$ TeV}",
      collaboration = "ALICE",
      month         = "Jun",
      year          = "2016",
      reportNumber  = "ALICE-PUBLIC-2016-002",
      journal        = "ALICE-PUBLIC-2016-002",
      %url           = "http://cds.cern.ch/record/2160174",
      author        = "J. Adam and others"
}

@article{Pierog:2013ria,
    author = "Pierog, T. and Karpenko, Iu. and Katzy, J.M. and Yatsenko, E. and Werner, K.",
    title = "{EPOS LHC: Test of collective hadronization with data measured at the CERN Large Hadron Collider}",
    eprint = "1306.0121",
    archivePrefix = "arXiv",
    primaryClass = "hep-ph",
    reportNumber = "DESY-13-125",
    doi = "10.1103/PhysRevC.92.034906",
    journal = "Phys. Rev. C",
    volume = "92",
    number = "3",
    pages = "034906",
    year = "2015"
}

@article{Santoro2009:ALICESPD,
    author = "Santoro, R. and others",
    title = "{The ALICE Silicon Pixel Detector: Readiness for the first proton beam}",
    doi = "10.1088/1748-0221/4/03/P03023",
    journal = "JINST",
    volume = "4",
    pages = "P03023",
    year = "2009"
}

@article{Cacciari:2008gp,
    author = "Cacciari, Matteo and Salam, Gavin P. and Soyez, Gregory",
    title = "{The anti-$k_t$ jet clustering algorithm}",
    eprint = "0802.1189",
    archivePrefix = "arXiv",
    primaryClass = "hep-ph",
    reportNumber = "LPTHE-07-03",
    doi = "10.1088/1126-6708/2008/04/063",
    journal = "JHEP",
    volume = "04",
    pages = "063",
    year = "2008"
}

@article{Cacciari:2011ma,
    author = "Cacciari, Matteo and Salam, Gavin P. and Soyez, Gregory",
    title = "{FastJet User Manual}",
    eprint = "1111.6097",
    archivePrefix = "arXiv",
    primaryClass = "hep-ph",
    reportNumber = "CERN-PH-TH-2011-297",
    doi = "10.1140/epjc/s10052-012-1896-2",
    journal = "Eur. Phys. J. C",
    volume = "72",
    pages = "1896",
    year = "2012"
}

@article{Acharya:2018eat,
    author = "Acharya, Shreyasi and others",
    collaboration = "ALICE",
    title = "{Charged jet cross section and fragmentation in proton-proton collisions at $\sqrt{s}$ = 7 TeV}",
    eprint = "1809.03232",
    archivePrefix = "arXiv",
    primaryClass = "nucl-ex",
    reportNumber = "CERN-EP-2018-235",
    doi = "10.1103/PhysRevD.99.012016",
    journal = "Phys. Rev. D",
    volume = "99",
    number = "1",
    pages = "012016",
    year = "2019"
}
@article{Schenke:2020mbo,
    author = "Schenke, Bjoern and Shen, Chun and Tribedy, Prithwish",
    title = "{Running the gamut of high energy nuclear collisions}",
    eprint = "2005.14682",
    archivePrefix = "arXiv",
    primaryClass = "nucl-th",
    doi = "10.1103/PhysRevC.102.044905",
    journal = "Phys. Rev. C",
    volume = "102",
    number = "4",
    pages = "044905",
    year = "2020"
}
@article{Adam:2016tsv,
    author = "Adam, Jaroslav and others",
    collaboration = "ALICE",
    title = "{Anomalous evolution of the near-side jet peak shape in Pb-Pb collisions at $\sqrt{s_{\rm NN}}$ = 2.76 TeV}",
    eprint = "1609.06643",
    archivePrefix = "arXiv",
    primaryClass = "nucl-ex",
    reportNumber = "CERN-EP-2016-229",
    doi = "10.1103/PhysRevLett.119.102301",
    journal = "Phys. Rev. Lett.",
    volume = "119",
    number = "10",
    pages = "102301",
    year = "2017"
}


@article{KOPYLOV1974472:evtmixing,
title = "Like particle correlations as a tool to study the multiple production mechanism",
journal = "Physics Letters B",
volume = "50",
number = "4",
pages = "472 - 474",
year = "1974",
issn = "0370-2693",
doi = "https://doi.org/10.1016/0370-2693(74)90263-9",
url = "http://www.sciencedirect.com/science/article/pii/0370269374902639",
author = "G.I. Kopylov"
}

@article{Loizides:2016tew,
    author = "Loizides, Constantin",
    editor = "Akiba, Y. and Esumi, S. and Fukushima, K. and Hamagaki, H. and Hatsuda, T. and Hirano, T. and Shigaki, K.",
    title = "{Experimental overview on small collision systems at the LHC}",
    eprint = "1602.09138",
    archivePrefix = "arXiv",
    primaryClass = "nucl-ex",
    doi = "10.1016/j.nuclphysa.2016.04.022",
    journal = "Nucl. Phys. A",
    volume = "956",
    pages = "200--207",
    year = "2016"
}


@article{Gyulassy:1990ye,
    author = "Gyulassy, Miklos and Plumer, Michael",
    title = "{Jet Quenching in Dense Matter}",
    reportNumber = "LBL-28531",
    doi = "10.1016/0370-2693(90)91409-5",
    journal = "Phys. Lett. B",
    volume = "243",
    pages = "432--438",
    year = "1990"
}
@article{Wang:1991xy,
    author = "Wang, Xin-Nian and Gyulassy, Miklos",
    title = "{Gluon shadowing and jet quenching in A + A collisions at s**(1/2) = 200-GeV}",
    reportNumber = "DUKE-TH-91-25, LBL-31619",
    doi = "10.1103/PhysRevLett.68.1480",
    journal = "Phys. Rev. Lett.",
    volume = "68",
    pages = "1480--1483",
    year = "1992"
}

@article{Chatrchyan:2012tt,
    author = "Chatrchyan, Serguei and others",
    collaboration = "CMS",
    title = "{Measurement of the Underlying Event Activity in $pp$ Collisions at $\sqrt{s} = 0.9$ and 7 TeV with the Novel Jet-Area/Median Approach}",
    eprint = "1207.2392",
    archivePrefix = "arXiv",
    primaryClass = "hep-ex",
    reportNumber = "CMS-QCD-10-021, CERN-PH-EP-2012-152",
    doi = "10.1007/JHEP08(2012)130",
    journal = "JHEP",
    volume = "08",
    pages = "130",
    year = "2012"
}

@article{Chatrchyan:2011id,
    author = "Chatrchyan, Serguei and others",
    collaboration = "CMS",
    title = "{Measurement of the Underlying Event Activity at the LHC with $\sqrt{s}= 7$ TeV and Comparison with $\sqrt{s} = 0.9$ TeV}",
    eprint = "1107.0330",
    archivePrefix = "arXiv",
    primaryClass = "hep-ex",
    reportNumber = "CERN-PH-EP-2011-059, CMS-QCD-10-010",
    doi = "10.1007/JHEP09(2011)109",
    journal = "JHEP",
    volume = "09",
    pages = "109",
    year = "2011"
}

@article{Aaboud:2019mcw,
    author = "Aaboud, Morad and others",
    collaboration = "ATLAS",
    title = "{Measurement of long-range two-particle azimuthal correlations in $Z$-boson tagged $pp$ collisions at $\sqrt{s}{=}8$ and 13 TeV}",
    eprint = "1906.08290",
    archivePrefix = "arXiv",
    primaryClass = "nucl-ex",
    reportNumber = "CERN-EP-2019-103",
    doi = "10.1140/epjc/s10052-020-7606-6",
    journal = "Eur. Phys. J. C",
    volume = "80",
    number = "1",
    pages = "64",
    year = "2020"
}

@article{PHENIX:2006gto,
    author = "Adler, S. S. and others",
    collaboration = "PHENIX",
    title = "{Jet properties from dihadron correlations in $p^+ p$ collisions at $\sqrt{s}$ = 200-GeV}",
    eprint = "hep-ex/0605039",
    archivePrefix = "arXiv",
    doi = "10.1103/PhysRevD.74.072002",
    journal = "Phys. Rev. D",
    volume = "74",
    pages = "072002",
    year = "2006"
}
@article{ATLAS:2015hzw,
    author = "Aad, Georges and others",
    collaboration = "ATLAS",
    title = "{Observation of Long-Range Elliptic Azimuthal Anisotropies in $\sqrt{s}=$13 and 2.76 TeV $pp$ Collisions with the ATLAS Detector}",
    eprint = "1509.04776",
    archivePrefix = "arXiv",
    primaryClass = "hep-ex",
    reportNumber = "CERN-PH-EP-2015-251",
    doi = "10.1103/PhysRevLett.116.172301",
    journal = "Phys. Rev. Lett.",
    volume = "116",
    number = "17",
    pages = "172301",
    year = "2016"
}
@article{ATLAS:2016yzd,
    author = "Aaboud, Morad and others",
    collaboration = "ATLAS",
    title = "{Measurements of long-range azimuthal anisotropies and associated Fourier coefficients for $pp$ collisions at $\sqrt{s}=5.02$ and $13$ TeV and $p$+Pb collisions at $\sqrt{s_{\mathrm{NN}}}=5.02$ TeV with the ATLAS detector}",
    eprint = "1609.06213",
    archivePrefix = "arXiv",
    primaryClass = "nucl-ex",
    reportNumber = "CERN-EP-2016-200",
    doi = "10.1103/PhysRevC.96.024908",
    journal = "Phys. Rev. C",
    volume = "96",
    number = "2",
    pages = "024908",
    year = "2017"
}

@article{ALICE:2012eyl,
    author = "Abelev, Betty and others",
    collaboration = "ALICE",
    title = "{Long-range angular correlations on the near and away side in $p$-Pb collisions at $\sqrt{s_{NN}}=5.02$ TeV}",
    eprint = "1212.2001",
    archivePrefix = "arXiv",
    primaryClass = "nucl-ex",
    reportNumber = "CERN-PH-EP-2012-359",
    doi = "10.1016/j.physletb.2013.01.012",
    journal = "Phys. Lett. B",
    volume = "719",
    pages = "29--41",
    year = "2013"
}
@article{ALICE:2013snk,
    author = "Abelev, Betty Bezverkhny and others",
    collaboration = "ALICE",
    title = "{Long-range angular correlations of $\rm \pi$, K and p in p-Pb collisions at $\sqrt{s_{\rm NN}}$ = 5.02 TeV}",
    eprint = "1307.3237",
    archivePrefix = "arXiv",
    primaryClass = "nucl-ex",
    reportNumber = "CERN-PH-EP-2013-115",
    doi = "10.1016/j.physletb.2013.08.024",
    journal = "Phys. Lett. B",
    volume = "726",
    pages = "164--177",
    year = "2013"
}
@article{ALICE:2018yph,
    author = "Acharya, S. and others",
    collaboration = "ALICE",
    title = "{Anisotropic flow of identified particles in Pb-Pb collisions at $ {\sqrt{s}}_{\mathrm{NN}}=5.02 $ TeV}",
    eprint = "1805.04390",
    archivePrefix = "arXiv",
    primaryClass = "nucl-ex",
    reportNumber = "CERN-EP-2018-103",
    doi = "10.1007/JHEP09(2018)006",
    journal = "JHEP",
    volume = "09",
    pages = "006",
    year = "2018"
}
@article{Bilandzic:2010jr,
    author = "Bilandzic, Ante and Snellings, Raimond and Voloshin, Sergei",
    title = "{Flow analysis with cumulants: Direct calculations}",
    eprint = "1010.0233",
    archivePrefix = "arXiv",
    primaryClass = "nucl-ex",
    doi = "10.1103/PhysRevC.83.044913",
    journal = "Phys. Rev. C",
    volume = "83",
    pages = "044913",
    year = "2011"
}

@article{Moreland:2014oya,
	author = "Moreland, J. Scott and Bernhard, Jonah E. and Bass, Steffen A.",
	title = "{Alternative ansatz to wounded nucleon and binary collision scaling in high-energy nuclear collisions}",
	eprint = "1412.4708",
	archivePrefix = "arXiv",
	primaryClass = "nucl-th",
	doi = "10.1103/PhysRevC.92.011901",
	journal = "Phys. Rev. C",
	volume = "92",
	number = "1",
	pages = "011901",
	year = "2015"
}
@article{Bass:1998ca,
	author = "Bass, S.A. and others",
	title = "{Microscopic models for ultrarelativistic heavy ion collisions}",
	eprint = "nucl-th/9803035",
	archivePrefix = "arXiv",
	doi = "10.1016/S0146-6410(98)00058-1",
	journal = "Prog. Part. Nucl. Phys.",
	volume = "41",
	pages = "255--369",
	year = "1998"
}

@article{Bleicher:1999xi,
	author = "Bleicher, M. and others",
	title = "{Relativistic hadron hadron collisions in the ultrarelativistic quantum molecular dynamics model}",
	eprint = "hep-ph/9909407",
	archivePrefix = "arXiv",
	doi = "10.1088/0954-3899/25/9/308",
	journal = "J. Phys. G",
	volume = "25",
	pages = "1859--1896",
	year = "1999"
}


@article{Weller:2017tsr,
    author = "Weller, Ryan D. and Romatschke, Paul",
    title = "{One fluid to rule them all: viscous hydrodynamic description of event-by-event central p+p, p+Pb and Pb+Pb collisions at $\sqrt{s}=5.02$ TeV}",
    eprint = "1701.07145",
    archivePrefix = "arXiv",
    primaryClass = "nucl-th",
    doi = "10.1016/j.physletb.2017.09.077",
    journal = "Phys. Lett. B",
    volume = "774",
    pages = "351--356",
    year = "2017"
}
@article{Schenke:2020mbo,
    author = "Schenke, Bjoern and Shen, Chun and Tribedy, Prithwish",
    title = "{Running the gamut of high energy nuclear collisions}",
    eprint = "2005.14682",
    archivePrefix = "arXiv",
    primaryClass = "nucl-th",
    doi = "10.1103/PhysRevC.102.044905",
    journal = "Phys. Rev. C",
    volume = "102",
    number = "4",
    pages = "044905",
    year = "2020"
}
@article{Taghavi:2019mqz,
    author = "Taghavi, Seyed Farid",
    title = "{Smallest QCD droplet and multiparticle correlations in p-p collisions}",
    eprint = "1907.12140",
    archivePrefix = "arXiv",
    primaryClass = "nucl-th",
    doi = "10.1103/PhysRevC.104.054906",
    journal = "Phys. Rev. C",
    volume = "104",
    number = "5",
    pages = "054906",
    year = "2021"
}
@article{ATLAS:2018ngv,
    author = "Aaboud, Morad and others",
    collaboration = "ATLAS",
    title = "{Correlated long-range mixed-harmonic fluctuations measured in $pp$, $p$+Pb and low-multiplicity Pb+Pb collisions with the ATLAS detector}",
    eprint = "1807.02012",
    archivePrefix = "arXiv",
    primaryClass = "nucl-ex",
    reportNumber = "CERN-EP-2018-151, CERN-PH-EP-2018-151",
    doi = "10.1016/j.physletb.2018.11.065",
    journal = "Phys. Lett. B",
    volume = "789",
    pages = "444--471",
    year = "2019"
}

@article{Schenke:2012wb,
    author = "Schenke, Bjoern and Tribedy, Prithwish and Venugopalan, Raju",
    title = "{Fluctuating Glasma initial conditions and flow in heavy ion collisions}",
    eprint = "1202.6646",
    archivePrefix = "arXiv",
    primaryClass = "nucl-th",
    doi = "10.1103/PhysRevLett.108.252301",
    journal = "Phys. Rev. Lett.",
    volume = "108",
    pages = "252301",
    year = "2012"
}
@article{Schenke:2010rr,
    author = "Schenke, Bjorn and Jeon, Sangyong and Gale, Charles",
    title = "{Elliptic and triangular flow in event-by-event (3+1)D viscous hydrodynamics}",
    eprint = "1009.3244",
    archivePrefix = "arXiv",
    primaryClass = "hep-ph",
    doi = "10.1103/PhysRevLett.106.042301",
    journal = "Phys. Rev. Lett.",
    volume = "106",
    pages = "042301",
    year = "2011"
}

@article{Rose:2020lfc,
    author = "Rose, J. -B. and Torres-Rincon, J. M. and Elfner, H.",
    title = "{Inclusive and effective bulk viscosities in the hadron gas}",
    eprint = "2005.03647",
    archivePrefix = "arXiv",
    primaryClass = "hep-ph",
    doi = "10.1088/1361-6471/abbc5c",
    journal = "J. Phys. G",
    volume = "48",
    number = "1",
    pages = "015005",
    year = "2020"
}

@article{ALICE:Nchpt,
    author = "Acharya, Shreyasi and others",
    collaboration = "ALICE",
    title = "{Minimum-bias and $p_\mathrm{T}$-cut pseudorapidity density in pp collisions at $\sqrt{s}$ = 5.02 and 13 TeV}",
    url = {https://alice-publications.web.cern.ch/node/6814},
    year = "2021"
}

@article{CMS:2013ycn,
    author = "Chatrchyan, Serguei and others",
    collaboration = "CMS",
    title = "{Jet and Underlying Event Properties as a Function of Charged-Particle Multiplicity in Proton\textendash{}Proton Collisions at $\sqrt{s}$ = 7 TeV}",
    eprint = "1310.4554",
    archivePrefix = "arXiv",
    primaryClass = "hep-ex",
    reportNumber = "CMS-FSQ-12-022, CERN-PH-EP-2013-195",
    doi = "10.1140/epjc/s10052-013-2674-5",
    journal = "Eur. Phys. J. C",
    volume = "73",
    number = "12",
    pages = "2674",
    year = "2013"
}
% ZYAM assumption
@article{ATLAS:2012cix,
    author = "Aad, Georges and others",
    collaboration = "ATLAS",
    title = "{Observation of Associated Near-Side and Away-Side Long-Range Correlations in $\sqrt{s_{NN}}$=5.02  TeV Proton-Lead Collisions with the ATLAS Detector}",
    eprint = "1212.5198",
    archivePrefix = "arXiv",
    primaryClass = "hep-ex",
    reportNumber = "CERN-PH-EP-2012-366",
    doi = "10.1103/PhysRevLett.110.182302",
    journal = "Phys. Rev. Lett.",
    volume = "110",
    number = "18",
    pages = "182302",
    year = "2013"
}
@article{ATLAS:2014qaj,
    author = "Aad, Georges and others",
    collaboration = "ATLAS",
    title = "{Measurement of long-range pseudorapidity correlations and azimuthal harmonics in $\sqrt{s_{NN}}=5.02$ TeV proton-lead collisions with the ATLAS detector}",
    eprint = "1409.1792",
    archivePrefix = "arXiv",
    primaryClass = "hep-ex",
    reportNumber = "CERN-PH-EP-2014-201",
    doi = "10.1103/PhysRevC.90.044906",
    journal = "Phys. Rev. C",
    volume = "90",
    number = "4",
    pages = "044906",
    year = "2014"
}

@article{ALICE:2018vuu,
    author = "Acharya, S. and others",
    collaboration = "ALICE",
    title = "{Transverse momentum spectra and nuclear modification factors of charged particles in pp, p-Pb and Pb-Pb collisions at the LHC}",
    eprint = "1802.09145",
    archivePrefix = "arXiv",
    primaryClass = "nucl-ex",
    reportNumber = "CERN-EP-2018-025",
    doi = "10.1007/JHEP11(2018)013",
    journal = "JHEP",
    volume = "11",
    pages = "013",
    year = "2018"
}